<record><leader>00000cas a22000007a 4500</leader><controlfield tag="001">11988637</controlfield><controlfield tag="008">850501d1800181uvaucr ne      0    0eng d</controlfield><datafield ind1=" " ind2=" " tag="010"><subfield code="a">sn 85025963 </subfield></datafield><datafield ind1=" " ind2=" " tag="040"><subfield code="a">NPX</subfield><subfield code="b">eng</subfield><subfield code="c">NPX</subfield><subfield code="d">NPU</subfield><subfield code="d">DLC</subfield><subfield code="d">CNK</subfield><subfield code="d">NVK</subfield><subfield code="d">FUG</subfield><subfield code="d">NVK</subfield><subfield code="d">OCL</subfield><subfield code="d">OCLCG</subfield><subfield code="d">KRTAS</subfield><subfield code="d">OCLCQ</subfield><subfield code="d">OCLCO</subfield><subfield code="d">OCLCA</subfield><subfield code="d">OCLCF</subfield></datafield><datafield ind1="1" ind2=" " tag="029"><subfield code="a">AU@</subfield><subfield code="b">000020233596</subfield></datafield><datafield ind1=" " ind2=" " tag="042"><subfield code="a">msc</subfield></datafield><datafield ind1=" " ind2=" " tag="043"><subfield code="a">n-us-va</subfield></datafield><datafield ind1="0" ind2="0" tag="050"><subfield code="a">Newspaper 10028-X</subfield></datafield><datafield ind1="0" ind2=" " tag="130"><subfield code="a">Petersburg intelligencer (Petersburg, Va. : 1800 : Semiweekly)</subfield></datafield><datafield ind1="1" ind2="4" tag="245"><subfield code="a">The Petersburg intelligencer.</subfield></datafield><datafield ind1="1" ind2=" " tag="246"><subfield code="i">Published from June 7, 1808-&lt;Mar. 17, 1809&gt; as:</subfield><subfield code="a">Petersburg Virginia intelligencer</subfield></datafield><datafield ind1=" " ind2=" " tag="260"><subfield code="a">Petersburg [Va.] :</subfield><subfield code="b">William Prentis</subfield></datafield><datafield ind1=" " ind2=" " tag="300"><subfield code="a">v. ;</subfield><subfield code="c">43-51 cm.</subfield></datafield><datafield ind1=" " ind2=" " tag="310"><subfield code="a">Semiweekly</subfield></datafield><datafield ind1="1" ind2=" " tag="362"><subfield code="a">Began in 1800.</subfield><subfield code="z">Cf. Brigham, C.S. Amer. newspapers.</subfield></datafield><datafield ind1=" " ind2=" " tag="500"><subfield code="a">Published every Tuesday &amp; Friday.</subfield></datafield><datafield ind1=" " ind2=" " tag="500"><subfield code="a">Publishers: John Dickson and Edward Pescud, &lt;1804&gt;-1805; John Dickson, 1805-&lt;1814&gt;; Thomas Whitworth and Frances Garland Yancey, &lt;1815&gt;.</subfield></datafield><datafield ind1=" " ind2=" " tag="530"><subfield code="a">Also issued on microfilm form Bell &amp; Howell, Micro Photo Div.; State Historical Society of Wisconsin.</subfield></datafield><datafield ind1=" " ind2=" " tag="588"><subfield code="a">Description based on: Vol. 14, no. 1114 (Jun. 17, 1800).</subfield></datafield><datafield ind1=" " ind2="0" tag="651"><subfield code="a">Petersburg (Va.)</subfield><subfield code="v">Newspapers.</subfield></datafield><datafield ind1=" " ind2="7" tag="655"><subfield code="a">Newspapers.</subfield><subfield code="2">fast</subfield><subfield code="0">(OCoLC)fst01423814</subfield></datafield><datafield ind1=" " ind2="7" tag="651"><subfield code="a">Virginia</subfield><subfield code="z">Petersburg.</subfield><subfield code="2">fast</subfield><subfield code="0">(OCoLC)fst01209840</subfield></datafield><datafield ind1="1" ind2=" " tag="700"><subfield code="a">Prentis, William,</subfield><subfield code="d">-1824.</subfield></datafield><datafield ind1="1" ind2=" " tag="700"><subfield code="a">Dickson, John.</subfield></datafield><datafield ind1="1" ind2=" " tag="700"><subfield code="a">Pescud, Edward,</subfield><subfield code="d">1778-1840.</subfield></datafield><datafield ind1="1" ind2=" " tag="700"><subfield code="a">Whitworth, Thomas,</subfield><subfield code="d">1794-1874.</subfield></datafield><datafield ind1="1" ind2=" " tag="700"><subfield code="a">Yancey, Frances Garland,</subfield><subfield code="d">1794-1833.</subfield></datafield><datafield ind1=" " ind2=" " tag="752"><subfield code="a">United States</subfield><subfield code="b">Virginia</subfield><subfield code="d">Petersburg.</subfield></datafield><datafield ind1="0" ind2="0" tag="780"><subfield code="t">Virginia gazette, and Petersburg intelligencer</subfield><subfield code="w">(DLC)sn 84024506</subfield></datafield><datafield ind1="0" ind2="0" tag="785"><subfield code="t">Intelligencer, &amp; Petersburg commercial advertiser</subfield><subfield code="w">(DLC)sn 84024505</subfield></datafield><datafield ind1=" " ind2=" " tag="938"><subfield code="a">Kirtas Technologies, Inc.</subfield><subfield code="b">KRTS</subfield><subfield code="n">739155</subfield></datafield></record>